@misc{nc-slides,
    title = "Slides of the PoliMi course {``}Nonlinear control{''}",
    author = "Maria Prandini",
    howpublished = "\url{https://prandini.faculty.polimi.it/nonlinear_control.htm}",
    year = "2020"
}